
@inproceedings{qing_MeaningUseGradable_2014,
  title = {Meaning and {{Use}} of {{Gradable Adjectives}}: {{Formal Modeling Meets Empirical Data}}},
  shorttitle = {Meaning and {{Use}} of {{Gradable Adjectives}}},
  booktitle = {{{CogSci}}},
  author = {Qing, Ciyang and Franke, Michael},
  date = {2014},
  volume = {36},
  annotation = {ZSCC: 0000017},
  eventtitle = {Proceedings of the Annual Meeting of the Cognitive Science Society},
  isbn = {1069-7977},
  keywords = {assignment3},
  number = {36}
}

@inproceedings{solt_ExperimentingDegree_2012,
  ids = {solt\_ExperimentingDegree\_},
  title = {Experimenting with Degree},
  author = {Solt, Stephanie and Gotzner, Nicole},
  date = {2012},
  volume = {353364},
  pages = {22},
  annotation = {ZSCC: 0000032},
  eventtitle = {Proceedings of {{SALT}}},
  keywords = {assignment3},
  langid = {english},
  number = {166187}
}


